@misc{android-security-tips,
  title = {Android: Security Tips},
  howpublished = "\url{https://developer.android.com/training/articles/security-tips.html}",
  month = feb,
  year = {2013}
}

@misc{android-clickjacking,
  title = {Clickjacking Rootkits for Android: the Next Big Threat?},
  howpublished = "\url{http://web.ncsu.edu/abstract/technology/wms-jiang-clickjack/}",
  month = feb,
  year = {2012}
}

@inproceedings{felt2011permission,
  title={Permission Re-Delegation: Attacks and Defenses.},
  author={Felt, Adrienne Porter and Wang, Helen J and Moshchuk, Alexander and Hanna, Steve and Chin, Erika},
  booktitle={USENIX Security Symposium},
  year={2011}
}

@inproceedings{TaintDroid,
 author = {Enck, William and Gilbert, Peter and Chun, Byung-Gon and Cox, Landon P. and Jung, Jaeyeon and McDaniel, Patrick and Sheth, Anmol N.},
 title = {TaintDroid: an information-flow tracking system for realtime privacy monitoring on smartphones},
 booktitle = {Proceedings of the 9th USENIX conference on Operating systems design and implementation},
 series = {OSDI'10},
 year = {2010},
 location = {Vancouver, BC, Canada},
 pages = {1--6},
 numpages = {6},
 url = {http://dl.acm.org/citation.cfm?id=1924943.1924971},
 acmid = {1924971},
 publisher = {USENIX Association},
 address = {Berkeley, CA, USA},
}

@inproceedings{flowdroid,
  title={Flowdroid: Precise context, flow, field, object-sensitive and lifecycle-aware taint analysis for android apps},
  author={Arzt, Steven and Rasthofer, Siegfried and Bodden, E and Bartel, A and Klein, J and Le Traon, Y and Octeau, D and McDaniel, P},
  booktitle={Proceedings of the 35th annual ACM SIGPLAN conference on Programming Language Design and Implementation (PLDI 2014)},
  year={2014}
}


@inproceedings{LanguageBasedSecurity,
 author = {Chaudhuri, Avik},
 title = {Language-based security on Android},
 booktitle = {Proceedings of the ACM SIGPLAN Fourth Workshop on Programming Languages and Analysis for Security},
 series = {PLAS '09},
 year = {2009},
 isbn = {978-1-60558-645-8},
 location = {Dublin, Ireland},
 pages = {1--7},
 numpages = {7},
 url = {http://doi.acm.org/10.1145/1554339.1554341},
 doi = {10.1145/1554339.1554341},
 acmid = {1554341},
 publisher = {ACM},
 address = {New York, NY, USA},
 keywords = {certified compilation, data-flow security, hybrid type system, mobile code},
}

@inproceedings{TamingInformationStealing,
 author = {Zhou, Yajin and Zhang, Xinwen and Jiang, Xuxian and Freeh, Vincent W.},
 title = {Taming information-stealing smartphone applications (on Android)},
 booktitle = {Proceedings of the 4th international conference on Trust and trustworthy computing},
 series = {TRUST'11},
 year = {2011},
 isbn = {978-3-642-21598-8},
 location = {Pittsburgh, PA},
 pages = {93--107},
 numpages = {15},
 url = {http://dl.acm.org/citation.cfm?id=2022245.2022255},
 acmid = {2022255},
 publisher = {Springer-Verlag},
 address = {Berlin, Heidelberg},
 keywords = {Android, privacy mode, smartphone applications},
}


@inproceedings{Felt:2011:APD:2046707.2046779,
 author = {Felt, Adrienne Porter and Chin, Erika and Hanna, Steve and Song, Dawn and Wagner, David},
 title = {Android permissions demystified},
 booktitle = {Proceedings of the 18th ACM conference on Computer and communications security},
 series = {CCS '11},
 year = {2011},
 isbn = {978-1-4503-0948-6},
 location = {Chicago, Illinois, USA},
 pages = {627--638},
 numpages = {12},
 url = {http://doi.acm.org/10.1145/2046707.2046779},
 doi = {10.1145/2046707.2046779},
 acmid = {2046779},
 publisher = {ACM},
 address = {New York, NY, USA},
 keywords = {android, least privilege, permissions},
}
@inproceedings{kim2012scandal,
  title={ScanDal: Static analyzer for detecting privacy leaks in android applications},
  author={Kim, Jinyung and Yoon, Yongho and Yi, Kwangkeun and Shin, Junbum and Center, SWRD},
  booktitle={Proceedings of the Workshop on Mobile Security Technologies (MoST), in conjunction with the IEEE Symposium on Security and Privacy},
  year={2012}
}
@inproceedings{Vallee-Rai:1999:SJB:781995.782008,
 author = {Vall{\'e}e-Rai, Raja and Co, Phong and Gagnon, Etienne and Hendren, Laurie and Lam, Patrick and Sundaresan, Vijay},
 title = {Soot - a Java bytecode optimization framework},
 booktitle = {Proceedings of the 1999 conference of the Centre for Advanced Studies on Collaborative research},
 series = {CASCON '99},
 year = {1999},
 location = {Mississauga, Ontario, Canada},
 pages = {13--},
 url = {http://dl.acm.org/citation.cfm?id=781995.782008},
 acmid = {782008},
 publisher = {IBM Press},
},

@misc{kaluza,
  title = {Kaluza String Solver},
  howpublished = "\url{http://webblaze.cs.berkeley.edu/2010/kaluza/}",
  year = {2010}
},

@misc{heros,
  title = {Heros IFDS/IDE Solver},
  howpublished = "\url{http://sable.github.io/heros/}",
  year = {2013}
},


@Misc{idc-android-2013,
  author =       {IDC},
  title =        {Android and iOS Combine for 92.3% of All Smartphone
                  Operating System Shipments in the First Quarter
                  While Windows Phone Leapfrogs BlackBerry, According
                  to IDC},
  howpublished =
                  {\url{http://www.idc.com/getdoc.jsp?containerId=prUS24108913}},
  month =        5,
  year =         2013,
}

@Misc{gartner-stats-2013,
  author =       {Gartner},
  title =        {Gartner Says Asia/Pacific Led Worldwide Mobile Phone
                  Sales to Growth in First Quarter of 2013},
  howpublished = {\url{http://www.gartner.com/newsroom/id/2482816}},
  month =        5,
  year =         2013,
}

@TechReport{ict-facts-2013,
  author =       {Brahima Sanou},
  title =        {ICT Facts and Figures},
  institution =  {International Telecommunication Union},
  year =         2013,
  howpublished =
                  {\url{http://www.itu.int/en/ITU-D/Statistics/Documents/facts/ICTFactsFigures2013.pdf}}
}


@Misc{apps1m,
  author =       {Dan Rowinski},
  title =        {Google Play Will Beat Apple App Store To 1,000,000
                  Apps},
  howpublished =
                  {\url{http://readwrite.com/2013/01/08/google-play-to-hit-1-million-apps-before-apple-app-store}},
  month =        1,
  year =         2013,
}

@Misc{apps25bil,
  author =       {Jamie Rosenberg},
  title =        {Google Play hits 25 billion downloads},
  howpublished =
                  {\url{officialandroid.blogspot.com/2012/09/google-play-hits-25-billion-downloads.html}},
  month =        9,
  year =         2012,
}

@TechReport{mcafee-q1-2013,
  title =        {McAfee Threats Report: First Quarter 2013},
  author =       {McAfee Labs},
  institution =  {McAfee},
  year =         2013,
  howpublished =
                  {\url{http://www.mcafee.com/us/resources/reports/rp-quarterly-threat-q1-2013.pdf}}
}

@TechReport{trendmicro-q3-2012,
  author =       {TrendLabs},
  title =        {Android Under Siege: Popularity Comes at a Price},
  institution =  {Trend Micro, Inc.},
  year =         2013,
  howpublished =
                  {\url{http://www.trendmicro.com/cloud-content/us/pdfs/security-intelligence/reports/rpt-3q-2012-security-roundup-android-under-siege-popularity-comes-at-a-price.pdf}}
}

@inproceedings{Epicc,
  author = {Octeau, Damien and  McDaniel, Patrick and Jha, Somesh and Bartel, Alexandre and Bodden, Eric and  Klein, Jacques and  Le Traon, Yves},
  title = {Effective Inter-Component Communication Mapping in Android: An Essential Step Towards Holistic Security Analysis},
  booktitle={Proceedings of the 22nd USENIX Security Symposium},
  year={2013},
  month={August},
  address={Washington, DC, USA}
}

@InProceedings{quire2011,
  author = {Michael Dietz and Shashi Shekhar and Yuliy Pisetsky and Anhei Shu and Dan S. Wallach},
  title = {Quire: Lightweight Provenance for Smart Phone Operating Systems},
  booktitle = {20th USENIX Security Symposium},
  year = 2011,
  month = aug,
  address = {San Francisco, CA}
}

@inproceedings{Bodden:2012:IDA:2259051.2259052,
 author = {Bodden, Eric},
 title = {Inter-procedural data-flow analysis with IFDS/IDE and Soot},
 booktitle = {ACM SIGPLAN International Workshop on State of the Art in Java Program analysis},
 series = {SOAP},
 year = {2012},
 pages = {3--8},
 numpages = {6},
 publisher = {ACM},
},
@article{mirzaei2012testing,
  title={Testing Android apps through symbolic execution},
  author={Mirzaei, Nariman and Malek, Sam and P{\u{a}}s{\u{a}}reanu, Corina S and Esfahani, Naeem and Mahmood, Riyadh},
  journal={ACM SIGSOFT Software Engineering Notes},
  volume={37},
  number={6},
  pages={1--5},
  year={2012},
  publisher={ACM}
},
@inproceedings{schmidt2009static,
  title={Static analysis of executables for collaborative malware detection on android},
  author={Schmidt, A-D and Bye, Rainer and Schmidt, H-G and Clausen, Jan and Kiraz, Osman and Yuksel, Kamer A and Camtepe, Seyit A and Albayrak, Sahin},
  booktitle={Communications, 2009. ICC'09. IEEE International Conference on},
  pages={1--5},
  year={2009},
  organization={IEEE}
}

@inproceedings{ifds,
 author = {Reps, Thomas and Horwitz, Susan and Sagiv, Mooly},
 title = {Precise interprocedural dataflow analysis via graph reachability},
 booktitle = {Proceedings of the 22nd ACM SIGPLAN-SIGACT symposium on Principles of programming languages},
 series = {POPL '95},
 year = {1995},
 isbn = {0-89791-692-1},
 location = {San Francisco, California, USA},
 pages = {49--61},
 numpages = {13},
 url = {http://doi.acm.org/10.1145/199448.199462},
 doi = {10.1145/199448.199462},
 acmid = {199462},
 publisher = {ACM},
 address = {New York, NY, USA},
}


@inproceedings{zhou2012dissecting,
  title={Dissecting android malware: Characterization and evolution},
  author={Zhou, Yajin and Jiang, Xuxian},
  booktitle={Security and Privacy (SP), 2012 IEEE Symposium on},
  pages={95--109},
  year={2012},
  organization={IEEE}
}
@article{reina2013system,
  title={A System Call-Centric Analysis and Stimulation Technique to Automatically Reconstruct Android Malware Behaviors},
  author={Reina, Alessandro and Fattori, Aristide and Cavallaro, Lorenzo},
  year={2013}
}
@inproceedings{yan2012droidscope,
  title={Droidscope: seamlessly reconstructing the os and dalvik semantic views for dynamic android malware analysis},
  author={Yan, Lok Kwong and Yin, Heng},
  booktitle={Proceedings of the 21st USENIX Security Symposium},
  year={2012}
}
@inproceedings{burguera2011crowdroid,
  title={Crowdroid: behavior-based malware detection system for android},
  author={Burguera, Iker and Zurutuza, Urko and Nadjm-Tehrani, Simin},
  booktitle={Proceedings of the 1st ACM workshop on Security and privacy in smartphones and mobile devices},
  pages={15--26},
  year={2011},
  organization={ACM}
}
@inproceedings{grace2012riskranker,
  title={Riskranker: scalable and accurate zero-day android malware detection},
  author={Grace, Michael and Zhou, Yajin and Zhang, Qiang and Zou, Shihong and Jiang, Xuxian},
  booktitle={Proceedings of the 10th international conference on Mobile systems, applications, and services},
  pages={281--294},
  year={2012},
  organization={ACM}
}
@inproceedings{chin2011analyzing,
  title={Analyzing inter-application communication in Android},
  author={Chin, Erika and Felt, Adrienne Porter and Greenwood, Kate and Wagner, David},
  booktitle={Proceedings of the 9th international conference on Mobile systems, applications, and services},
  pages={239--252},
  year={2011},
  organization={ACM}
}
Those fields that are not to be changed can be left out.
@IEEEtranBSTCTL{IEEEexample:BSTcontrol,
  CTLuse_article_number     = "yes",
  CTLuse_paper              = "yes",
  CTLuse_forced_etal        = "no",
  CTLmax_names_forced_etal  = "10",
  CTLnames_show_etal        = "1",
  CTLuse_alt_spacing        = "yes",
  CTLalt_stretch_factor     = "4",
  CTLdash_repeated_names    = "yes",
  CTLname_format_string     = "{f.~}{vv~}{ll}{, jj}",
  CTLname_latex_cmd         = "",
  CTLname_url_prefix        = "[Online]. Available:"
}

@misc{android-package-manager,
  title = {Android: Package Manager API},
  howpublished = "\url{http://developer.android.com/reference/android/content/pm/PackageManager.html}",
  month = Jul,
  year = {2014}
}

@misc{android-activity-manager,
  title = {Android: Activity Manager API},
  howpublished = "\url{http://developer.android.com/reference/android/app/ActivityManager.html}",
  month = Jul,
  year = {2014}
}

@inproceedings{Grace:Android:2012,
  author    = {Michael C. Grace and
               Yajin Zhou and
               Zhi Wang and
               Xuxian Jiang},
  title     = {Systematic Detection of Capability Leaks in Stock Android
               Smartphones},
  booktitle = {NDSS},
  year      = {2012},
  ee        = {http://www.internetsociety.org/systematic-detection-capability-leaks-stock-android-smartphones},
  crossref  = {DBLP:conf/ndss/2012},
  bibsource = {DBLP, http://dblp.uni-trier.de}
}
@proceedings{DBLP:conf/ndss/2012,
  title     = {19th Annual Network and Distributed System Security Symposium,
               NDSS 2012, San Diego, California, USA, February 5-8, 2012},
  booktitle = {NDSS},
  publisher = {The Internet Society},
  year      = {2012},
  ee        = {http://www.internetsociety.org/events/ndss-symposium-2012},
  bibsource = {DBLP, http://dblp.uni-trier.de}
}
@inproceedings{Lu:CHEX:2012,
 author = {Lu, Long and Li, Zhichun and Wu, Zhenyu and Lee, Wenke and Jiang, Guofei},
 title = {CHEX: Statically Vetting Android Apps for Component Hijacking Vulnerabilities},
 booktitle = {ACM Conference on Computer and Communications Security (CCS)},
 year = {2012},
 location = {Raleigh, North Carolina, USA},
 pages = {229--240},
 numpages = {12},
 keywords = {app splitting, component hijacking vulnerability, static analysis},
} 

@inproceedings{AppIntent,
 author = {Yang, Zhemin and Yang, Min and Zhang, Yuan and Gu, Guofei and Ning, Peng and Wang, X. Sean},
 title = {AppIntent: analyzing sensitive data transmission in android for privacy leakage detection},
 booktitle = {Proceedings of the 2013 ACM SIGSAC conference on Computer \&\#38; communications security},
 series = {CCS '13},
 year = {2013},
 location = {Berlin, Germany},
 pages = {1043--1054},
 numpages = {12},
 publisher = {ACM},
 address = {New York, NY, USA},
} 

@misc{IntentsForDevelopers,
  title = {Android: Intents and Intent Filters},
  howpublished = "\url{http://developer.android.com/guide/components/intents-filters.html}",
  month = feb,
  year = {2013}
}

